@book {MR2170995,
    AUTHOR = {Chang, Kung-Ching},
     TITLE = {Methods in nonlinear analysis},
    SERIES = {Springer Monographs in Mathematics},
 PUBLISHER = {Springer},
      YEAR = {2005},
}

@book {MR3155456,
    AUTHOR = {Audin, Mich{\`e}le and Damian, Mihai},
     TITLE = {Morse theory and {F}loer homology},
    SERIES = {Universitext},
      NOTE = {Translated from the 2010 French original by Reinie Ern{\'e}},
 PUBLISHER = {Springer, London; EDP Sciences, Les Ulis},
      YEAR = {2014},
}

@book {MR1603811,
    AUTHOR = {Mitrovi{\'c}, Dragi{\v{s}}a and {\v{Z}}ubrini{\'c}, Darko},
     TITLE = {Fundamentals of applied functional analysis},
    SERIES = {Pitman Monographs and Surveys in Pure and Applied Mathematics},
    VOLUME = {91},
      NOTE = {Distributions---Sobolev spaces---nonlinear elliptic equations},
 PUBLISHER = {Longman, Harlow},
      YEAR = {1998},
     PAGES = {x+399},
}

@book{grubb,
	AUTHOR = {Gerd Grubb},
	TITLE = {Distributions and Operators},
	PUBLISHER = {Springer},
	YEAR = {2009},
}

@book{courant,
	TITLE = {Methods of Mathematical Physics, Volume {II}},
	AUTHOR = {Richard Courant and David Hilbert},
	PUBLISHER = {Interscience Publishers},
	YEAR = {1966},
}

@book{chipot,
	AUTHOR = {Chipot, Michel},
	TITLE = {Elliptic Equations: An Introductory Course},
	PUBLISHER = {Springer},
	YEAR = {2009},
}

@book{compactness,
	AUTHOR = {Tao, Terence},
	TITLE = {Compactness and Contradiction},
	PUBLISHER = {American Mathematical Society},
	YEAR = {2013},
	ADDRESS = {Providence, RI},
}

@book{rendall,
	TITLE = {Partial Differential Equations in General Relativity},
	AUTHOR = {Rendall, Alan D.},
	PUBLISHER = {Oxford University Press},
	YEAR = {2008},
	SERIES = {Oxford Graduate Texts in Mathematics},
	VOLUME = {16},
}

@article {MR2754279,
    AUTHOR = {Colliander, James and Roy, Tristan},
     TITLE = {Bootstrapped {M}orawetz estimates and resonant decomposition
              for low regularity global solutions of cubic {NLS} on {$\Bbb
              R^2$}},
   JOURNAL = {Commun. Pure Appl. Anal.},
  FJOURNAL = {Communications on Pure and Applied Analysis},
    VOLUME = {10},
      YEAR = {2011},
    NUMBER = {2},
     PAGES = {397--414},
      ISSN = {1534-0392},
   MRCLASS = {35Q55 (35B30)},
  MRNUMBER = {2754279 (2011m:35348)},
MRREVIEWER = {Luiz Gustavo Farah},
       DOI = {10.3934/cpaa.2011.10.397},
       URL = {http://dx.doi.org/10.3934/cpaa.2011.10.397},
}

@book {MR2435520,
    AUTHOR = {Krylov, N. V.},
     TITLE = {Lectures on elliptic and parabolic equations in {S}obolev
              spaces},
    SERIES = {Graduate Studies in Mathematics},
    VOLUME = {96},
 PUBLISHER = {American Mathematical Society},
   ADDRESS = {Providence, RI},
      YEAR = {2008},
     PAGES = {xviii+357},
      ISBN = {978-0-8218-4684-1},
   MRCLASS = {35-01 (35J15 35K10 35S05 46E35 46N20)},
  MRNUMBER = {2435520 (2009k:35001)},
MRREVIEWER = {Vicen{\c{t}}iu R{\u{a}}dulescu},
}

@book {MR0181836,
    AUTHOR = {Friedman, Avner},
     TITLE = {Partial differential equations of parabolic type},
 PUBLISHER = {Prentice-Hall Inc.},
   ADDRESS = {Englewood Cliffs, N.J.},
      YEAR = {1964},
     PAGES = {xiv+347},
   MRCLASS = {35.00 (35.62)},
  MRNUMBER = {0181836 (31 \#6062)},
MRREVIEWER = {B. Frank Jones, Jr.},
}

@book {MR0284700,
    AUTHOR = {Miranda, Carlo},
     TITLE = {Partial differential equations of elliptic type},
    SERIES = {Ergebnisse der Mathematik und ihrer Grenzgebiete, Band 2},
      NOTE = {Second revised edition. Translated from the Italian by Zane C.
              Motteler},
 PUBLISHER = {Springer-Verlag},
   ADDRESS = {New York},
      YEAR = {1970},
     PAGES = {xii+370},
   MRCLASS = {35.42},
  MRNUMBER = {0284700 (44 \#1924)},
MRREVIEWER = {C. B. Morrey, Jr.},
}

@book {MR1814364,
    AUTHOR = {Gilbarg, David and Trudinger, Neil S.},
     TITLE = {Elliptic partial differential equations of second order},
    SERIES = {Classics in Mathematics},
      NOTE = {Reprint of the 1998 edition},
 PUBLISHER = {Springer-Verlag},
   ADDRESS = {Berlin},
      YEAR = {2001},
     PAGES = {xiv+517},
      ISBN = {3-540-41160-7},
   MRCLASS = {35-02 (35Jxx)},
  MRNUMBER = {1814364 (2001k:35004)},
}

@book {MR2028503,
    AUTHOR = {Renardy, Michael and Rogers, Robert C.},
     TITLE = {An introduction to partial differential equations},
    SERIES = {Texts in Applied Mathematics},
    VOLUME = {13},
   EDITION = {Second},
 PUBLISHER = {Springer-Verlag},
   ADDRESS = {New York},
      YEAR = {2004},
     PAGES = {xiv+434},
      ISBN = {0-387-00444-0},
NOTE = {p. 12},
  MRNUMBER = {2028503 (2004j:35001)},
}

@book{folland,
	TITLE = {Advanced Calculus},
	AUTHOR = {Folland, Gerald B.},
	PUBLISHER = {Prentice Hall},
	ADDRESS = {Upper Saddle River, NJ},
	YEAR = {2002},
}

@book{tao,
	AUTHOR = {Tao, Terence},
	TITLE = {Nonlinear dispersive equations: local and global analysis},
	SERIES = {CBMS Regional Conference Series in Mathematics},
	NUMBER = {106},
	PUBLISHER = {American Mathematical Society},
	ADDRESS = {Providence, RI},
	YEAR = {2006},
}

@article {MR0162531,
    AUTHOR = {Cutkosky, R. E.},
     TITLE = {Self-consistency of superglobal multiplet assignments},
   JOURNAL = {Phys. Rev. Lett. 12 (1964), 530-531; erratum, ibid.},
  FJOURNAL = {Physical Review Letters},
    VOLUME = {12},
      YEAR = {1964},
     PAGES = {572},
      ISSN = {0031-9007},
   MRCLASS = {81.22},
  MRNUMBER = {0162531 (28 \#5729)},
MRREVIEWER = {D. B. Lichtenberg},
}

@incollection{princeton,
	EDITOR = {Gowers, Timothy and Barrow-Green, June and Leader, Imre},
	AUTHOR = {Klainerman, Sergiu},
	BOOKTITLE = {The {P}rinceton Companion to Mathematics},
	YEAR = {2008},
	PUBLISHER = {Princeton University Press},
	TITLE = {{IV}.12, {P}artial Differential Equations},
	PAGES = {455--483},
}