@book{oxtoby,
	AUTHOR = {Oxtoby, John C.},
	TITLE = {Measure and category: a survey of the analogies between topological and measure spaces},
	EDITION = {second},
	PUBLISHER = {Springer},
	YEAR = {1980},
	VOLUME = {2},
	SERIES = {Graduate Texts in Mathematics},
}

@incollection {MR2376785,
    AUTHOR = {Ghys, {\'E}tienne},
    EDITOR = {Charpentier, \'Eric and Lesne, Annick and Nikolski, Nikola\"i K.},
     TITLE = {Resonances and small divisors},
 BOOKTITLE = {Kolmogorov's Heritage in Mathematics},
     PAGES = {187--213},
 PUBLISHER = {Springer},
      YEAR = {2007},
   MRCLASS = {37J40 (37-03 70-03 70F15 70H08)},
MRREVIEWER = {Mikhail B. Sevryuk},
       DOI = {10.1007/978-3-540-36351-4_10},
}

@incollection {MR2112110,
    AUTHOR = {Dodson, M. Maurice and Kristensen, Simon},
     TITLE = {Hausdorff dimension and {D}iophantine approximation},
 BOOKTITLE = {Fractal Geometry and Applications: A Jubilee of Beno\^\i t
              Mandelbrot, Part 1},
    SERIES = {Proceedings of Symposia in Pure Mathematics},
    VOLUME = {72},
     PAGES = {305--347},
     EDITOR = {Lapidus, Michel L. and van Frankenhuijsen, Machiel},
 PUBLISHER = {American Mathematical Society},
   ADDRESS = {Providence, RI},
      YEAR = {2004},
   MRCLASS = {11J83 (11K55 28A78 28A80 37C45 37F50)},
MRREVIEWER = {Henrietta Dickinson},
}

@book{milnor,
	AUTHOR = {Milnor, John},
	TITLE = {Dynamics in one complex variable},
	EDITION = {third},
	SERIES = {Annals of Mathematics Studies},
	NUMBER = {160},
	PUBLISHER = {Princeton University Press},
	YEAR = {2006},
}
