@article{beumer,
	AUTHOR = {Beumer, M. G.},
	TITLE = {Some special integrals},
	JOURNAL = {Amer. Math. Monthly},
	VOLUME = {68},
	NUMBER = {7},
	YEAR = {1961},
	PAGES = {645--647},
}

@book{weil,
        AUTHOR = {Weil, Andr\'e},
        TITLE = {{Elliptic functions according to Eisenstein and Kronecker}},
        PUBLISHER = {Springer},
        YEAR = {1976},
        SERIES = {Ergebnisse der Mathematik und ihrer Grenzgebiete},
        VOLUME = {88},
}

@article{E393,
	AUTHOR = {Euler, Leonhard},
	TITLE = {De summis serierum numeros {B}ernoullianos involventium},
	JOURNAL = {Novi Commentarii Academiae Scientiarum Imperialis Petropolitanae},
	VOLUME = {14},
	YEAR = {1770},
	PAGES = {129--167},
	NOTE = {E393, Opera omnia I.15, pp. 91--130},
}

@article{katz,
	AUTHOR = {Katz, Victor J.},
	TITLE = {The calculus of the trigonometric functions},
	JOURNAL = {Historia Math.},
	VOLUME = {14},
	YEAR = {1987},
	PAGES = {311--324},
}

@article{E499,
	AUTHOR = {Euler, Leonhard},
	TITLE = {De integratione formulae $\int \frac{dx lx}{\surd(1-xx)}$ ab $x=0$ ad $x=1$ extensa},
	JOURNAL = {Acta Academiae Scientarum Imperialis Petropolitinae},
	YEAR = {1777},
	NUMBER = {II},
	PAGES = {3--28},
	NOTE = {E499, Opera omnia I.18, pp. 23--50},
}

@article{E432,
	TITLE = {Exercitationes analyticae},
	AUTHOR = {Euler, Leonhard},
	JOURNAL = {Novi Commentarii Academiae Scientiarum Imperialis Petropolitanae},
	VOLUME = {17},
	YEAR = {1773},
	PAGES = {173--204},
	NOTE = {E432, Opera omnia I.15, pp. 131--167},
}

@article{koyama,
	AUTHOR = {Koyama, Shin-Ya and Kurokawa, Nobushige},
	TITLE = {Euler's integrals and multiple sine functions},
	JOURNAL = {Proc. Amer. Math. Soc.},
	VOLUME = {133},
	NUMBER = {5},
	YEAR = {2005},
	PAGES = {1257--1265},
}

@article{ellis,
	AUTHOR = {Ellis, Robert Leslie},
	JOURNAL = {Cambridge Mathematical Journal},
	VOLUME = {II},
	NUMBER = {XII},
	YEAR = {1841},
	TITLE = {Note on the definite integral $\int_0^{\frac{\pi}{2}} \log(\sin \theta) d\theta$},
	PAGES = {282--283},
}

@book {MR1700272,
    AUTHOR = {Everest, Graham and Ward, Thomas},
     TITLE = {Heights of polynomials and entropy in algebraic dynamics},
    SERIES = {Universitext},
 PUBLISHER = {Springer-Verlag London Ltd.},
   ADDRESS = {London},
      YEAR = {1999},
     PAGES = {xii+211},
      ISBN = {1-85233-125-9},
   MRCLASS = {11G50 (11C08 11G07 37A45 37B40 37C30 54H20)},
MRREVIEWER = {Yann Bugeaud},
}

@article{littrow,
	AUTHOR = {Littrow, Joseph Johann von},
	TITLE = {De summatione serierum},
	JOURNAL = {M\'emoires de l'Acad\'emie Imp\'eriale des Sciences de St. P\'etersbourg},
	VOLUME = {7},
	YEAR = {1820},
	PAGES = {110--138},
}
