@incollection{palmerino,
	AUTHOR = {Palmerino, Carla Rita},
	TITLE = {Two {J}esuit responses to {G}alileo's science of motion: {H}onore {F}abri and {P}ierre {L}e {C}azre},
	PAGES = {187--227},
	SERIES = {Archimedes: New Studies in the History and Philosophy
	of Science and Technology},
	VOLUME = {6},
	PUBLISHER = {Springer},
	EDITOR = {Feingold, Mordechai},
	BOOKTITLE = {The New Science and Jesuit Science: Seventeenth Century Perspectives},
	YEAR = {2003},
}

@book{jullien,
	EDITOR = {Jullien, Vincent},
	TITLE = {Seventeenth-century indivisibles revisited},
	PUBLISHER = {Birkh\"auser},
	YEAR = {2015},
}

@incollection{vanpaemel,
	AUTHOR = {Vanpaemel, G. H. W.},
	PAGES = {389--432},
	TITLE = {Jesuit Science in the {S}panish {N}etherlands},
	EDITOR = {Feingold, Mordechai},
	BOOKTITLE = {Jesuit Science and the Republic of Letters},
	YEAR = {2003},
	PUBLISHER = {MIT Press},
}

@incollection{savants,
	AUTHOR = {Feingold, Mordechai},
	TITLE = {Jesuits: Savants},
	PAGES = {1--46},
	EDITOR = {Feingold, Mordechai},
	BOOKTITLE = {Jesuit Science and the Republic of Letters},
	YEAR = {2003},
	PUBLISHER = {MIT Press},
}

@article{bockstaele,
	AUTHOR = {Bockstaele, Paul P.},
	TITLE = {Four Letters from {G}regorius a {S}. {V}incentio to {C}hristopher {G}rienberger},
	JOURNAL = {Janus},
	VOLUME = {56},
	YEAR = {1969},
	PAGES = {191--202},
}

@book{malet,
	TITLE = {From Indivisibles to Infinitesimals: Studies on Seveteenth-Century Mathematizations of Infinitely Small Quantities},
	YEAR = {1996},
	AUTHOR = {Malet, Antoni},
	PUBLISHER = {Universitat Aut\`onoma de Barcelona},
}

@book{boyer,
	AUTHOR = {Boyer, Carl B.},
	TITLE = {The History of the Calculus and Its Conceptual Development},
	PUBLISHER = {Dover Publications},
	YEAR = {1959},
}

@book{westfall,
	AUTHOR = {Westfall, Richard S.},
	TITLE = {Never at Rest: A Biography of {I}saac {N}ewton},
	PUBLISHER = {Cambridge University Press},
	YEAR = {1983},
}

@book{chatelet,
	AUTHOR = {du Ch\^atelet, \'Emilie},
	TITLE = {Institutions de physique},
	YEAR = {1740},
	PUBLISHER = {Prault fils},
	ADDRESS = {Paris},
}

@book{hellyer,
	AUTHOR = {Hellyer, Marcus},
	TITLE = {Catholic physics: {J}esuit natural philosophy in early modern {G}ermany},
	YEAR = {2004},
	PUBLISHER  = {University of Notre Dame Press},
}

@article{hofmann1939,
	TITLE = {On the Discovery of the Logarithmic Series and Its Development in {E}ngland up to {C}otes},
	AUTHOR = {Josef Ehrenfried Hofmann},
	JOURNAL = {National Mathematics Magazine},
	VOLUME = {14},
	NUMBER ={1},
	YEAR = {1939},
	PAGES = {37--45},
}

@article{hofmann1942,
	AUTHOR = {Josef Ehrenfried Hofmann},
	TITLE = {{Das {\em Opus geometricum} des Gregorius a S. Vincentio und seine Einwirkung auf Leibniz}},
	JOURNAL = {Deutsche Akademie der Wissenschaften zu Berlin. Mathematisch-Naturwissenschaftliche Klasse. Abhandlungen},
	YEAR = {1942},
	PAGES = {1--80},
	VOLUME = {13},
}

@incollection{baroque,
	EDITOR = {Goldstein, Catherine and Gray, Jeremy and Ritter,
	Jim},
	BOOKTITLE = {L'Europe math\'ematique},
	YEAR = {1996},
	PUBLISHER =  {\'Editions de la Maison des sciences de l'homme},
	ADDRESS = {Paris},
	PAGES = {157--184},
	TITLE = {Une math\'ematique baroque en {E}urope: r\'eseaux, ambitions et acteurs},
	AUTHOR = {Dhombres, Jean},
}
}

@article{biggs,
	AUTHOR = {Biggs, Norman},
	TITLE = {Thomas {H}arriot on continuous compounding},
	JOURNAL = {BSHM Bulletin: Journal of the British Society for the History of Mathematics},
	VOLUME = {28},
	NUMBER = {2},
	YEAR = {2013},
	PAGES = {66--74},
}

@article{bruycker,
	JOURNAL = {BSHM Bulletin: Journal of the British
Society for the History of Mathematics},
	AUTHOR = {Bruycker, Angelo de},
	PAGES = {135--146},
	VOLUME = {24},
	NUMBER = {3},
	YEAR = {2009},
	TITLE = {`To the adornment and honour of the
city': the mathematics course of the {F}lemish {J}esuits in the seventeenth
century},
}

@article{dhombres,
	AUTHOR = {Dhombres, Jean},
	TITLE = {Is One Proof Enough? Travels with a Mathematician of the {B}aroque Period},
	JOURNAL = {Educational Studies in Mathematics},
	VOLUME = {24},
	NUMBER = {4},
	YEAR = {1993},
	PAGES = {401--419},
}

@book{sasaki,
	AUTHOR = {Sasaki, Chikara},
	TITLE = {Descartes's Mathematical Thought},
	PUBLISHER = {Kluwer Academic Publishers},
	YEAR = {2003},
	SERIES = {Boston Studies in the Philosophy of Science},
	VOLUME = {237},
}

@article{meskens,
	AUTHOR = {Meskens, Ad},
	TITLE = {{Greogry of Saint Vincent: a pioneer of the calculus}},
	JOURNAL = {The Mathematical Gazette},
	PAGES = {315--319},
	VOLUME = {78},
	NUMBER = {483},
	YEAR = {1994},
}

@article{sarasa,
	AUTHOR = {Burn, R. P.},
	TITLE = {{Alphonse Antonio de Sarasa and logarithms}},
	PAGES = {1--17},
	JOURNAL = {Historia Math.},
	VOLUME = {28},
	NUMBER = {1},
	YEAR = {2001},
}

@article{burn,
	JOURNAL = {BSHM Bulletin},
	AUTHOR = {Burn, Bob},
	VOLUME = {22},
	NUMBER = {3},
	YEAR = {2007},
	PAGES = {183--184},
	TITLE = {Geometric progressions},
}

@article{naux1962,
	TITLE = {{L'{\em Opus geometricum} de Gr\'egoire de Saint-Vincent}},
	AUTHOR = {Naux, Ch.},
	JOURNAL = {Revue d'histoire des sciences et de leurs applications},
	VOLUME = {15},
	NUMBER = {2},
	YEAR = {1962},
	PAGES = {93--104},
}

@book{wallace,
	AUTHOR = {Wallace, William A.},
	YEAR = {1991},
	PUBLISHER = {Variorum},
	TITLE = {Galileo, the {J}esuits and the Medieval {A}ristotle},
}

@article {MR737499,
    AUTHOR = {Van Looy, Herman},
     TITLE = {A chronology and historical analysis of the mathematical
              manuscripts of {G}regorius a {S}ancto {V}incentio
              (1584--1667)},
   JOURNAL = {Historia Math.},
  FJOURNAL = {Historia Mathematica},
    VOLUME = {11},
      YEAR = {1984},
    NUMBER = {1},
     PAGES = {57--75},
}

@book{opus,
	TITLE = {Opus geometricum quadraturae circuli et sectionum coni. {D}ecem libris comprehensum},
	AUTHOR = {Saint-Vincent, Gregory},
	YEAR = {1647},
	ADDRESS = {Antwerp},
	PUBLISHER = {Apud Ioannem et Iacobum Meursios},
}

@incollection{lohr,
	AUTHOR = {Lohr, Charles H.},
	TITLE = {Metaphysics},
	PAGES = {537--638},
	BOOKTITLE = {The Cambridge History of Renaissance Philosophy},
	EDITOR = {Charles B. Schmitt and Quentin Skinner},
	PUBLISHER = {Cambridge University Press},
	YEAR = {1988},
}

@book{jacquette,
	AUTHOR = {Jacquette, Dale},
	TITLE = {David {H}ume's Critique of Infinity},
	PUBLISHER = {Brill},
	YEAR = {2000},
}

@book{trinity,
	TITLE = {Certain Philosophical Questions: {N}ewton's {T}rinity Notebook},
	AUTHOR = {J. E. McGuire and Martin Tamny},
	YEAR = {1983},
	PUBLISHER = {Cambridge University Press},	
}

@book{ariew1985,
	AUTHOR = {Duhem, Pierre},
	TITLE = {Medieval cosmology: theories of infinity, place, time, void, and the plurality of worlds},
	PUBLISHER = {University of Chicago Press},
	NOTE = {Edited and translated by Roger Ariew, abridged from {\em Le Syst\`eme du monde}},
	YEAR = {1985},
}

@incollection{ariew,
	AUTHOR = {Ariew, Roger},
	TITLE = {The infinite in {S}pinoza's philosophy},
	PAGES = {16--31},
	PUBLISHER = {E. J. Brill},
	BOOKTITLE = {Spinoza: Issues and Directions. The Proceedings of the Chicago
	Spinoza Conference},
	YEAR = {1986},
	EDITOR = {Edwin Curley and Pierre-Fran\c{c}ois Moreau},
}

@article{whiteside,
        AUTHOR = {Whiteside, Derek Thomas},
        TITLE = {Patterns of Mathematical Thought in the later Seventeenth Century},
        JOURNAL = {Arch. Hist. Exact Sci.},
        VOLUME = {1},
        NUMBER = {3},
        YEAR = {1961},
        PAGES = {179--388},
}

@book{newtonVIII,
	EDITOR = {Whiteside, D. T.},
	TITLE = {{The mathematical papers of Isaac Newton, volume VIII: 1697--1722}},
	PUBLISHER = {Cambridge University Press},
	YEAR = {1981},
}

@book{mancosu,
	AUTHOR = {Mancosu, Paolo},
	TITLE = {Philosophy of Mathematics and Mathematical Practice in the Seventeenth Century},
	PUBLISHER = {Oxford University Press},
	YEAR = {1996},
}

@book{wilson,
	AUTHOR = {Wilson, Catherine},
	TITLE = {Leibniz's Metaphysics: A Historical and Comparative Study},
	YEAR = {1989},
	PUBLISHER = {Manchester University Press},
}