@article{malye,
    AUTHOR = {Arnold, V. I.},
     TITLE = {Malye znamenateli. I. Ob otobrazhenijah okruzhnosti na sebja},
   JOURNAL = {Izv. Akad. Nauk SSSR Ser. Mat.},
  FJOURNAL = {Izvestiya Akademii Nauk SSSR. Seriya Matematicheskaya},
    VOLUME = {25},
    	NUMBER = {1},
      YEAR = {1961},
     PAGES = {21--86},
}

@book {MR947141,
    AUTHOR = {Arnold, V. I.},
     TITLE = {Geometrical methods in the theory of ordinary differential
              equations},
    SERIES = {Grundlehren der Mathematischen Wissenschaften},
    VOLUME = {250},
   EDITION = {Second},
      NOTE = {Translated from the Russian by Joseph Sz{\"u}cs},
 PUBLISHER = {Springer},
      YEAR = {1988},
}

@article {MR819805,
    AUTHOR = {Herman, Michael-R.},
     TITLE = {Simple proofs of local conjugacy theorems for diffeomorphisms
              of the circle with almost every rotation number},
   JOURNAL = {Bol. Soc. Brasil. Mat.},
  FJOURNAL = {Boletim da Sociedade Brasileira de Matem\'atica},
    VOLUME = {16},
      YEAR = {1985},
    NUMBER = {1},
     PAGES = {45--83},
      ISSN = {0100-3569},
     CODEN = {BSBMDD},
   MRCLASS = {58F11},
  MRNUMBER = {819805 (87f:58085)},
MRREVIEWER = {Richard Cushman},
       DOI = {10.1007/BF02584836},
       URL = {http://dx.doi.org/10.1007/BF02584836},
}

@book{katok,
	AUTHOR = {Katok, Anatole and Hasselblatt, Boris},
	TITLE = {Introduction to the modern theory of dynamical systems},
	PUBLISHER = {Cambridge University Press},
	SERIES = {Encyclopedia of Mathematics and its Applications},
	YEAR = {1995},
	VOLUME = {54},
}

@incollection {MR1924912,
    AUTHOR = {Yoccoz, Jean-Christophe},
     TITLE = {Analytic linearization of circle diffeomorphisms},
 BOOKTITLE = {Dynamical systems and small divisors ({C}etraro, 1998)},
    SERIES = {Lecture Notes in Math.},
    VOLUME = {1784},
     PAGES = {125--173},
 PUBLISHER = {Springer},
   ADDRESS = {Berlin},
      YEAR = {2002},
   MRCLASS = {37E10 (37C15 37E20 37E45 37F25)},
  MRNUMBER = {1924912 (2004c:37073)},
MRREVIEWER = {Stefano Marmi},
       DOI = {10.1007/978-3-540-47928-4_3},
       URL = {http://dx.doi.org/10.1007/978-3-540-47928-4_3},
}

@incollection {wayne,
	AUTHOR = {Wayne, C. Eugene},
	TITLE = {An introduction to {KAM} theory},
	BOOKTITLE = {Dynamical systems and probabilistic methods in partial differential equations: 1994 Summer Seminar on Dynamical Systems and Probabilistic Methods for Nonlinear Waves, June 20--July 1, 1994, MSRI, Berkeley, CA},
	SERIES = {Lectures in Applied Mathematics},
	VOLUME = {31},
	PAGES = {3--29},
	PUBLISHER = {American Mathematical Society},
	ADDRESS = {Providence, RI},
	YEAR = {1996},
	EDITOR = {Deift, Percy and Levermore, C. David and Wayne, C. Eugene},
}

@book {MR1230383,
    AUTHOR = {Carleson, Lennart and Gamelin, Theodore W.},
     TITLE = {Complex dynamics},
    SERIES = {Universitext: Tracts in Mathematics},
 PUBLISHER = {Springer},
      YEAR = {1993},
     PAGES = {x+175},
      ISBN = {0-387-97942-5},
   MRCLASS = {30D05 (30C62 39B12 58F23)},
MRREVIEWER = {Ben Bielefeld},
}

@book {MR2445243,
    AUTHOR = {Hardy, G. H. and Wright, E. M.},
     TITLE = {An introduction to the theory of numbers},
   EDITION = {Sixth},
      NOTE = {Revised by D. R. Heath-Brown and J. H. Silverman,
              With a foreword by Andrew Wiles},
 PUBLISHER = {Oxford University Press},
   ADDRESS = {Oxford},
      YEAR = {2008},
     PAGES = {xxii+621},
      ISBN = {978-0-19-921986-5},
   MRCLASS = {11-01},
}

@book{gh,
	TITLE = {Nonlinear Oscillations, Dynamical Systems, and Bifurcations of Vector Fields},
	AUTHOR = {Guckenheimer, John and Holmes, Philip},
	PUBLISHER = {Springer},
	YEAR = {1983},
	VOLUME = {42},
	SERIES = {Applied Mathematical Sciences},
}